@article{chap4WSD,
  title={Evaluation of WSD systems},
  author={Palmer, M. and Ng, H.T. and Dang, H.T.},
  journal={Word Sense Disambiguation},
  pages={75--106},
  year={2006},
  publisher={Springer}
}
@article{miller,
  title={Introduction to wordnet: An on-line lexical database*},
  author={Miller, G.A. and Beckwith, R. and Fellbaum, C. and Gross, D. and Miller, K.J.},
  journal={International journal of lexicography},
  volume={3},
  number={4},
  pages={235--244},
  year={1990},
  publisher={Oxford Univ Press}
}

@inproceedings{navigli,
 author = {Navigli, Roberto and Crisafulli, Giuseppe},
 title = {Inducing word senses to improve web search result clustering},
 booktitle = {Proceedings of the 2010 Conference on Empirical Methods in Natural Language Processing},
 series = {EMNLP '10},
 year = {2010},
 location = {Cambridge, Massachusetts},
 pages = {116--126},
 numpages = {11},
 url = {http://dl.acm.org/citation.cfm?id=1870658.1870670},
 acmid = {1870670},
 publisher = {Association for Computational Linguistics},
 address = {Stroudsburg, PA, USA},
} 
@inproceedings{yagoclust,
  title={Ontology-based categorization of web search results using YAGO},
  author={Ren, A. and Du, X. and Wang, P.},
  booktitle={Computational Sciences and Optimization, 2009. CSO 2009. International Joint Conference on},
  volume={1},
  pages={800--804},
  year={2009},
  organization={IEEE}
}

@inproceedings{yago,
  title={Yago2: exploring and querying world knowledge in time, space, context, and many languages},
  author={Hoffart, J. and Suchanek, F.M. and Berberich, K. and Lewis-Kelham, E. and De Melo, G. and Weikum, G.},
  booktitle={Proceedings of the 20th international conference companion on World wide web},
  pages={229--232},
  year={2011},
  organization={ACM}
}
@article{dbpedia,
  title={Dbpedia: A nucleus for a web of open data},
  author={Auer, S. and Bizer, C. and Kobilarov, G. and Lehmann, J. and Cyganiak, R. and Ives, Z.},
  journal={The Semantic Web},
  pages={722--735},
  year={2007},
  publisher={Springer}
}

@article{amit,
  title={Document length normalization},
  author={Singhal, A. and Salton, G. and Mitra, M. and Buckley, C.},
  journal={Information Processing \& Management},
  volume={32},
  number={5},
  pages={619--633},
  year={1996},
  publisher={Elsevier}
}
@inproceedings{BSA93,
  title={Automatic retrieval with locality information using SMART},
  author={Buckley, C. and Salton, G. and Allan, J.},
  booktitle={Proceedings of the First Text REtrieval Conference (TREC-1)},
  pages={59--72},
  year={1993}
}
@inproceedings{Bilmes,
  title={A class of submodular functions for document summarization},
  author={Lin, Hui and Bilmes, Jeff},
  booktitle={The 49th Annual Meeting of the Association for Computational Linguistics: Human Language Technologies (ACL-HLT), Portland, OR, June},
  year={2011}
}
@inproceedings{Ferragina,
  title={Topical clustering of search results},
  author={Scaiella, Ugo and Ferragina, Paolo and Marino, Andrea and Ciaramita, Massimiliano},
  booktitle={Proceedings of the fifth ACM international conference on Web search and data mining},
  pages={223--232},
  year={2012},
  organization={ACM}
}
@inproceedings{Zamir,
  title={Web document clustering: A feasibility demonstration},
  author={Zamir, Oren and Etzioni, Oren},
  booktitle={Proceedings of the 21st annual international ACM SIGIR conference on Research and development in information retrieval},
  pages={46--54},
  year={1998},
  organization={ACM}
}
@article{hyperlex,
  title={Hyperlex: lexical cartography for information retrieval},
  author={V{\'e}ronis, Jean},
  journal={Computer Speech \& Language},
  volume={18},
  number={3},
  pages={223--252},
  year={2004},
  publisher={Elsevier}
}
@inproceedings{clusteringCompare,
  title={A comparison of document clustering techniques},
  author={Steinbach, Michael and Karypis, George and Kumar, Vipin and others},
  booktitle={KDD workshop on text mining},
  volume={400},
  pages={525--526},
  year={2000},
  organization={Boston}
}
@article{Weiss,
  title={Lingo: Search results clustering algorithm based on singular value decomposition},
  author={Osiriski, Stanislaw and Stefanowski, Jerzy and Weiss, Dawid},
  journal={Proceedings of the international IIS: intelligent information processing and web mining IIPWM},
  volume={4},
  pages={359--368},
  year={2004}
}
@ARTICLE{shimalik,
    author = {Jianbo Shi and Jitendra Malik},
    title = {Normalized Cuts and Image Segmentation},
    journal = {IEEE Transactions on Pattern Analysis and Machine Intelligence},
    year = {1997},
    volume = {22},
    pages = {888--905}
}
@inproceedings{tagme,
  title={TAGME: on-the-fly annotation of short text fragments (by wikipedia entities)},
  author={Ferragina, Paolo and Scaiella, Ugo},
  booktitle={Proceedings of the 19th ACM international conference on Information and knowledge management},
  pages={1625--1628},
  year={2010},
  organization={ACM}
}

@article{satya,
  title={SATTY: Word Sense Induction Application in Web Search Clustering},
  author={Behera, Satyabrata and Bombay, IIT and Bairi, Ramakrishna and Gaikwad, Upasana and Ramakrishnan, Ganesh}
}


